@Manual{caret,
    title = {caret: Classification and Regression Training},
    author = {Max Kuhn. Contributions from Jed Wing and Steve Weston and Andre Williams and Chris Keefer and Allan Engelhardt and Tony Cooper and Zachary Mayer and Brenton Kenkel and the R Core Team and Michael Benesty and Reynald Lescarbeau and Andrew Ziem and Luca Scrucca.},
    year = {2015},
    note = {R package version 6.0-52},
    url = {https://CRAN.R-project.org/package=caret},
}

@Manual{e1071,
    title = {e1071: Misc Functions of the Department of Statistics (e1071), TU Wien},
    author = {David Meyer and Evgenia Dimitriadou and Kurt Hornik and Andreas Weingessel and Friedrich Leisch},
    year = {2014},
    note = {R package version 1.6-4},
    url = {https://CRAN.R-project.org/package=e1071},
}

@Manual{gbm,
    title = {gbm: Generalized Boosted Regression Models},
    author = {Greg Ridgeway with contributions from others},
    year = {2015},
    note = {R package version 2.1.1},
    url = {https://CRAN.R-project.org/package=gbm},
}

@Manual{mice,
    title = {{mice}: Multivariate Imputation by Chained Equations in R},
    author = {Stef {van Buuren} and Karin Groothuis-Oudshoorn},
    journal = {Journal of Statistical Software},
    year = {2011},
    volume = {45},
    number = {3},
    pages = {1--67},
    url = {http://www.jstatsoft.org/v45/i03/},
}

@Article{pROC,
    title = {pROC: an open-source package for R and S+ to analyze and compare ROC curves},
    author = {Xavier Robin and Natacha Turck and Alexandre Hainard and Natalia Tiberti and Frédérique Lisacek and Jean-Charles Sanchez and Markus Müller},
    year = {2011},
    journal = {BMC Bioinformatics},
    volume = {12},
    pages = {77},
}

@Manual{pwr,
    title = {pwr: Basic Functions for Power Analysis},
    author = {Stephane Champely},
    year = {2015},
    note = {R package version 1.1-3},
    url = {https://CRAN.R-project.org/package=pwr},
}

@Manual{randomForest,
    title = {Classification and Regression by randomForest},
    author = {Andy Liaw and Matthew Wiener},
    journal = {R News},
    year = {2002},
    volume = {2},
    number = {3},
    pages = {18-22},
    url = {http://CRAN.R-project.org/doc/Rnews/},
}

@Manual{shiny,
    title = {shiny: Web Application Framework for R},
    author = {Winston Chang and Joe Cheng and JJ Allaire and Yihui Xie and Jonathan McPherson},
    year = {2015},
    note = {R package version 0.12.1},
    url = {https://CRAN.R-project.org/package=shiny},
}

@Manual{stats,
    title = {R: A Language and Environment for Statistical Computing},
    author = {{R Core Team}},
    organization = {R Foundation for Statistical Computing},
    address = {Vienna, Austria},
    year = {2016},
    url = {https://www.R-project.org/},
}